@article{Koc:2011:IMC:1952376.1952380,
 author = {Koc, M. Levent and R\'{e}, Christopher},
 title = {Incrementally maintaining classification using an RDBMS},
 journal = {Proc. VLDB Endow.},
 issue_date = {February 2011},
 volume = {4},
 issue = {5},
 month = {February},
 year = {2011},
 issn = {2150-8097},
 pages = {302--313},
 numpages = {12},
 url = {http://dl.acm.org/citation.cfm?id=1952376.1952380},
 acmid = {1952380},
 publisher = {VLDB Endowment},
} 


@inproceedings{Li:2011:SDI:2002440.2002459,
 author = {Li, Yunyao and Reiss, Frederick R. and Chiticariu, Laura},
 title = {SystemT: a declarative information extraction system},
 booktitle = {Proc. Comp. Ling.: HLT: Systems Demonstrations},
 series = {HLT '11},
 year = {2011},
 isbn = {978-1-932432-90-9},
 location = {Portland, Oregon},
 pages = {109--114},
 numpages = {6},
 url = {http://dl.acm.org/citation.cfm?id=2002440.2002459},
 acmid = {2002459},
 publisher = {Association for Computational Linguistics},
 address = {Stroudsburg, PA, USA},
} 


@article{Jain:2009:BQO:1519103.1519108,
 author = {Jain, Alpa and Ipeirotis, Panagiotis and Gravano, Luis},
 title = {Building query optimizers for information extraction: the SQoUT project},
 journal = {SIGMOD Rec.},
 volume = {37},
 issue = {4},
 month = {March},
 year = {2009},
 issn = {0163-5808},
 pages = {28--34},
 numpages = {7},
 url = {http://doi.acm.org/10.1145/1519103.1519108},
 doi = {http://doi.acm.org/10.1145/1519103.1519108},
 acmid = {1519108},
 publisher = {ACM},
 address = {New York, NY, USA},
} 

@article{Wang:2008:BML:1453856.1453896,
 author = {Wang, Daisy Zhe and Michelakis, Eirinaios and Garofalakis, Minos and Hellerstein, Joseph M.},
 title = {BayesStore: managing large, uncertain data repositories with probabilistic graphical models},
 journal = {Proc. VLDB Endow.},
 issue_date = {August 2008},
 volume = {1},
 issue = {1},
 month = {August},
 year = {2008},
 issn = {2150-8097},
 pages = {340--351},
 numpages = {12},
 url = {http://dx.doi.org/10.1145/1453856.1453896},
 doi = {http://dx.doi.org/10.1145/1453856.1453896},
 acmid = {1453896},
 publisher = {VLDB Endowment},
}

@article{muralidharanvisual,
  title={A Visual Interface for Exploring Language Use in Slave Narratives},
  author={Muralidharan, A.},
	booktitle = {Proc. Conf. on Digital Humanities},
  year = {2011},
  url = {http://www.cs.berkeley.edu/~aditi/papers/wordseer.pdf},
  journal = {Conference on Digital Humanities},
  publisher={Conference on Digital Humanities}
}

@article{Cohen:2009:MSN:1687553.1687576,
 author = {Cohen, Jeffrey and Dolan, Brian and Dunlap, Mark and Hellerstein, Joseph M. and Welton, Caleb},
 title = {MAD skills: new analysis practices for big data},
 journal = {Proc. VLDB Endow.},
 issue_date = {August 2009},
 volume = {2},
 issue = {2},
 month = {August},
 year = {2009},
 issn = {2150-8097},
 pages = {1481--1492},
 numpages = {12},
 url = {http://dl.acm.org/citation.cfm?id=1687553.1687576},
 acmid = {1687576},
 publisher = {VLDB Endowment},
} 
 
@article{Blei:2003:LDA:944919.944937,
 author = {Blei, David M. and Ng, Andrew Y. and Jordan, Michael I.},
 title = {Latent dirichlet allocation},
 journal = {J. Mach. Learn. Res.},
 issue_date = {3/1/2003},
 volume = {3},
 month = mar,
 year = {2003},
 issn = {1532-4435},
 pages = {993--1022},
 numpages = {30},
 url = {http://dl.acm.org/citation.cfm?id=944919.944937},
 acmid = {944937},
 publisher = {JMLR.org},
} 

@inproceedings{wang2011hybrid,
  title={Hybrid in-database inference for declarative information extraction},
  author={Wang, D.Z. and Franklin, M.J. and Garofalakis, M. and Hellerstein, J.M. and Wick, M.L.},
  booktitle={Proc. SIGMOD},
  pages={517--528},
  year={2011},
  organization={ACM}
}

@article{zhang2011combining,
  title={Combining Lexicon-based and Learning-based Methods for Twitter Sentiment Analysis},
  author={Zhang, L. and Ghosh, R. and Dekhil, M. and Hsu, M. and Liu, B.},
  year={2011}
}

@inproceedings{o2010tweets,
  title={From tweets to polls: Linking text sentiment to public opinion time series},
  author={O'Connor, B. and Balasubramanyan, R. and Routledge, B.R. and Smith, N.A.},
  booktitle={Proc. AAAI Conf. on Weblogs and Social Media},
  pages={122--129},
  year={2010}
}

@article{wang2010probabilistic,
  title={Probabilistic declarative information extraction},
  author={Wang, D.Z. and Michelakis, E. and Franklin, M.J. and Garofalakis, M. and Hellerstein, J.M.},
  year={2010},
  publisher={IEEE}
}

@article{Marcus:2012:PVD:2094114.2094120,
 author = {Marcus, Adam and Bernstein, Michael S. and Badar, Osama and Karger, David R. and Madden, Samuel and Miller, Robert C.},
 title = {Processing and visualizing the data in tweets},
 journal = {SIGMOD Rec.},
 issue_date = {December 2011},
 volume = {40},
 number = {4},
 month = jan,
 year = {2012},
 issn = {0163-5808},
 pages = {21--27},
 numpages = {7},
 url = {http://doi.acm.org/10.1145/2094114.2094120},
 doi = {10.1145/2094114.2094120},
 acmid = {2094120},
 publisher = {ACM},
 address = {New York, NY, USA},
} 

@inproceedings{Chiticariu:2010:EIE:1807167.1807339,
 author = {Chiticariu, Laura and Li, Yunyao and Raghavan, Sriram and Reiss, Frederick R.},
 title = {Enterprise information extraction: recent developments and open challenges},
 booktitle = {Proceedings of the 2010 international conference on Management of data},
 series = {SIGMOD '10},
 year = {2010},
 isbn = {978-1-4503-0032-2},
 location = {Indianapolis, Indiana, USA},
 pages = {1257--1258},
 numpages = {2},
 url = {http://doi.acm.org/10.1145/1807167.1807339},
 doi = {http://doi.acm.org/10.1145/1807167.1807339},
 acmid = {1807339},
 publisher = {ACM},
 address = {New York, NY, USA},
 keywords = {accuracy, declarative, enterprise applications, information extraction, scalability, usability},
} 

@article{hellerstein2012madlib,
  title={The MADlib Analytics Library or MAD Skills, the SQL},
  author={Hellerstein, J.M. and Wang, D.Z. and Schoppmann, F. and Fratkin, E. and Gorajek, A. and Ng, K.S. and Welton, C. and Feng, X. and Li, K. and Kumar, A.},
	journal = {Proc. VLDB Endow.},
	pages = {935--939	},
	volume = {6},
	numpages = {5},
  year={2012},
	publisher = {VLDB Endowment},
}
