@article{Koc:2011:IMC:1952376.1952380,
 author = {Koc, M. Levent and R\'{e}, Christopher},
 title = {Incrementally maintaining classification using an RDBMS},
 journal = {Proc. VLDB Endow.},
 issue_date = {February 2011},
 volume = {4},
 issue = {5},
 month = {February},
 year = {2011},
 issn = {2150-8097},
 pages = {302--313},
 numpages = {12},
 url = {http://dl.acm.org/citation.cfm?id=1952376.1952380},
 acmid = {1952380},
 publisher = {VLDB Endowment},
} 


@inproceedings{Li:2011:SDI:2002440.2002459,
 author = {Li, Yunyao and Reiss, Frederick R. and Chiticariu, Laura},
 title = {SystemT: a declarative information extraction system},
 booktitle = {Proceedings of the 49th Annual Meeting of the Association for Computational Linguistics: Human Language Technologies: Systems Demonstrations},
 series = {HLT '11},
 year = {2011},
 isbn = {978-1-932432-90-9},
 location = {Portland, Oregon},
 pages = {109--114},
 numpages = {6},
 url = {http://dl.acm.org/citation.cfm?id=2002440.2002459},
 acmid = {2002459},
 publisher = {Association for Computational Linguistics},
 address = {Stroudsburg, PA, USA},
} 


@article{Jain:2009:BQO:1519103.1519108,
 author = {Jain, Alpa and Ipeirotis, Panagiotis and Gravano, Luis},
 title = {Building query optimizers for information extraction: the SQoUT project},
 journal = {SIGMOD Rec.},
 volume = {37},
 issue = {4},
 month = {March},
 year = {2009},
 issn = {0163-5808},
 pages = {28--34},
 numpages = {7},
 url = {http://doi.acm.org/10.1145/1519103.1519108},
 doi = {http://doi.acm.org/10.1145/1519103.1519108},
 acmid = {1519108},
 publisher = {ACM},
 address = {New York, NY, USA},
} 

@article{Wang:2008:BML:1453856.1453896,
 author = {Wang, Daisy Zhe and Michelakis, Eirinaios and Garofalakis, Minos and Hellerstein, Joseph M.},
 title = {BayesStore: managing large, uncertain data repositories with probabilistic graphical models},
 journal = {Proc. VLDB Endow.},
 issue_date = {August 2008},
 volume = {1},
 issue = {1},
 month = {August},
 year = {2008},
 issn = {2150-8097},
 pages = {340--351},
 numpages = {12},
 url = {http://dx.doi.org/10.1145/1453856.1453896},
 doi = {http://dx.doi.org/10.1145/1453856.1453896},
 acmid = {1453896},
 publisher = {VLDB Endowment},
}

@article{muralidharanvisual,
  title={A Visual Interface for Exploring Language Use in Slave Narratives},
  author={Muralidharan, A.},
	booktitle = {Proceedings of the 2011 Conference on Digital Humanities},
  year = {2011},
  url = {http://www.cs.berkeley.edu/~aditi/papers/wordseer.pdf},
  journal = {Conference on Digital Humanities},
  publisher={Conference on Digital Humanities}
}

@article{Cohen:2009:MSN:1687553.1687576,
 author = {Cohen, Jeffrey and Dolan, Brian and Dunlap, Mark and Hellerstein, Joseph M. and Welton, Caleb},
 title = {MAD skills: new analysis practices for big data},
 journal = {Proc. VLDB Endow.},
 issue_date = {August 2009},
 volume = {2},
 issue = {2},
 month = {August},
 year = {2009},
 issn = {2150-8097},
 pages = {1481--1492},
 numpages = {12},
 url = {http://dl.acm.org/citation.cfm?id=1687553.1687576},
 acmid = {1687576},
 publisher = {VLDB Endowment},
} 
 
